@article{montroll1965random,
  title={Random walks on lattices. II},
  author={Montroll, Elliott W and Weiss, George H},
  journal={Journal of Mathematical Physics},
  volume={6},
  number={2},
  pages={167--181},
  year={1965},
  publisher={American Institute of Physics}
}
@article{rosenstock1970random,
  title={Random walks on lattices with traps},
  author={Rosenstock, Herbert B},
  journal={Journal of Mathematical Physics},
  volume={11},
  number={2},
  pages={487--490},
  year={1970},
  publisher={American Institute of Physics}
}
@article{gallos2001trapping,
  title={Trapping and survival probability in two dimensions},
  author={Gallos, Lazaros K and Argyrakis, Panos and Kehr, Klaus W},
  journal={Physical Review E},
  volume={63},
  number={2},
  pages={021104},
  year={2001},
  publisher={APS}
}
@article{nelson1999continuous,
  title={Continuous-time random-walk model of electron transport in nanocrystalline TiO 2 electrodes},
  author={Nelson, Jenny},
  journal={Physical Review B},
  volume={59},
  number={23},
  pages={15374},
  year={1999},
  publisher={APS}
}
@article{kodde1984forecasting,
  title={Forecasting Corporate Revenue and Profit: Time-Series Models versus Management and Analysts},
  author={Kodde, David A and Schreuder, Hein},
  journal={Journal of Business Finance \& Accounting},
  volume={11},
  number={3},
  pages={381--395},
  year={1984},
  publisher={Wiley Online Library}
}
@article{nosofsky2008exemplar,
  title={" An exemplar-based random walk model of speeded classification": Correction to Nosofsky and Palmeri (1997).},
  author={Nosofsky, Robert M and Palmieri, Thomas J},
  year={2008},
  publisher={American Psychological Association}
}
@article{bar2008random,
  title={Random sampling from a search engine's index},
  author={Bar-Yossef, Ziv and Gurevich, Maxim},
  journal={Journal of the ACM (JACM)},
  volume={55},
  number={5},
  pages={1--74},
  year={2008},
  publisher={ACM New York, NY, USA}
}