@book{brownlee2018statistical,
  title={Statistical methods for machine learning: Discover how to transform data into knowledge with Python},
  author={Brownlee, Jason},
  year={2018},
  publisher={Machine Learning Mastery}
}
@book{son2020linear,
  title={Linear Algebra Coding with Python},
  author={Son, H.S.},
  url={https://books.google.gr/books?id=QnX2DwAAQBAJ},
  year={2020},
  publisher={Hyun-Seok Son}
}

@book{deisenroth2020mathematics,
  title={Mathematics for machine learning},
  author={Deisenroth, Marc Peter and Faisal, A Aldo and Ong, Cheng Soon},
  year={2020},
  publisher={Cambridge University Press}
}
@book{klein2013coding,
  title={Coding the Matrix: Linear Algebra Through Applications to Computer Science},
  author={Klein, P.N.},
  isbn={9780615856735},
  url={https://books.google.gr/books?id=8PmPngEACAAJ},
  year={2013},
  publisher={Newtonian Press}
}