@article{popescu2006entanglement,
  title={Entanglement and the foundations of statistical mechanics},
  author={Popescu, Sandu and Short, Anthony J and Winter, Andreas},
  journal={Nature Physics},
  volume={2},
  number={11},
  pages={754--758},
  year={2006},
  publisher={Nature Publishing Group}
}
@article{potts2019introduction,
  title={Introduction to Quantum Thermodynamics (Lecture Notes)},
  author={Potts, Patrick P},
  journal={arXiv preprint arXiv:1906.07439},
  year={2019}
}
@book{deffner2019quantum,
  title={Quantum Thermodynamics: An introduction to the thermodynamics of quantum information},
  author={Deffner, Sebastian and Campbell, Steve},
  year={2019},
  publisher={Morgan \& Claypool Publishers}
}
@article{vinjanampathy2016quantum,
  title={Quantum thermodynamics},
  author={Vinjanampathy, Sai and Anders, Janet},
  journal={Contemporary Physics},
  volume={57},
  number={4},
  pages={545--579},
  year={2016},
  publisher={Taylor \& Francis}
}
@article{goold2016role,
  title={The role of quantum information in thermodynamicsâ€”a topical review},
  author={Goold, John and Huber, Marcus and Riera, Arnau and Del Rio, L{\'\i}dia and Skrzypczyk, Paul},
  journal={Journal of Physics A: Mathematical and Theoretical},
  volume={49},
  number={14},
  pages={143001},
  year={2016},
  publisher={IOP Publishing}
}
@incollection{PATHRIA2011115,
title = "5 - Formulation of Quantum Statistics",
editor = "R.K. Pathria and Paul D. Beale",
booktitle = "Statistical Mechanics (Third Edition)",
publisher = "Academic Press",
edition = "Third Edition",
address = "Boston",
pages = "115 - 140",
year = "2011",
isbn = "978-0-12-382188-1",
doi = "https://doi.org/10.1016/B978-0-12-382188-1.00005-0",
url = "http://www.sciencedirect.com/science/article/pii/B9780123821881000050",
author = "R.K. Pathria and Paul D. Beale"
}
@book{milman2009asymptotic,
  title={Asymptotic theory of finite dimensional normed spaces: Isoperimetric inequalities in riemannian manifolds},
  author={Milman, Vitali D and Schechtman, Gideon},
  volume={1200},
  year={2009},
  publisher={Springer}
}
@book{gemmer2009quantum,
  title={Quantum thermodynamics: Emergence of thermodynamic behavior within composite quantum systems},
  author={Gemmer, Jochen and Michel, Mathias and Mahler, G{\"u}nter},
  volume={784},
  year={2009},
  publisher={Springer}
}
@article{alicki2015comments,
  title={Comments on the paper" Foundation of statistical mechanics from symmetries of entanglement" by S. Deffner and W. Zurek},
  author={Alicki, Robert},
  journal={arXiv preprint arXiv:1504.06572},
  year={2015}
}
@article{deffner2016foundations,
  title={Foundations of statistical mechanics from symmetries of entanglement},
  author={Deffner, Sebastian and Zurek, Wojciech H},
  journal={New Journal of Physics},
  volume={18},
  number={6},
  pages={063013},
  year={2016},
  publisher={IOP Publishing}
}
@article{zurek2003environment,
  title={Environment-assisted invariance, entanglement, and probabilities in quantum physics},
  author={Zurek, Wojciech Hubert},
  journal={Physical review letters},
  volume={90},
  number={12},
  pages={120404},
  year={2003},
  publisher={APS}
}
@article{zurek2003quantum,
  title={Quantum Darwinism and envariance},
  author={Zurek, Wojciech H},
  journal={arXiv preprint quant-ph/0308163},
  year={2003}
}
@article{chiribella2016entanglement,
  title={Entanglement as an axiomatic foundation for statistical mechanics},
  author={Chiribella, Giulio and Scandolo, Carlo Maria},
  journal={arXiv preprint arXiv:1608.04459},
  year={2016}
}
@article{goldstein2006canonical,
  title={Canonical typicality},
  author={Goldstein, Sheldon and Lebowitz, Joel L and Tumulka, Roderich and Zangh{\`\i}, Nino},
  journal={Physical review letters},
  volume={96},
  number={5},
  pages={050403},
  year={2006},
  publisher={APS}
}
@article{schlosshauer2003zurek,
  title={On Zurek's derivation of the Born rule},
  author={Schlosshauer, Maximilian and Fine, Arthur},
  journal={arXiv preprint quant-ph/0312058},
  year={2003}
}
@article{vermeyden2015experimental,
  title={Experimental test of environment-assisted invariance},
  author={Vermeyden, Lydia and Ma, Xian and Lavoie, Jonathan and Bonsma, Madeleine and Sinha, Urbasi and Laflamme, Raymond and Resch, KJ},
  journal={Physical Review A},
  volume={91},
  number={1},
  pages={012120},
  year={2015},
  publisher={APS}
}